@ARTICLE{tes,  author={Atia, A.E. and Williams, A.E.},  journal={IEEE Transactions on Microwave Theory and Techniques},   title={Narrow-Bandpass Waveguide Filters},   year={1972},  volume={20},  number={4},  pages={258-265},  doi={10.1109/TMTT.1972.1127732}}



@article{RAD-banding,
author = {Beynon-Davies, Paul and Carne, C and Mackay, Hugh and Tudhope, D},
year = {1999},
month = {09},
pages = {212},
title = {Rapid application development (RAD): An empirical review},
volume = {8},
journal = {European Journal of Information Systems},
doi = {10.1057/palgrave.ejis.3000325}
}